<?xml version="1.0" encoding="UTF-8"?>
<Document xmlns="urn:iso:std:iso:20022:tech:xsd:pain.001.001.03" xmlns:xsi="http://www.w3.org/2001/XMLSchema-instance" xsi:schemaLocation="urn:iso:std:iso:20022:tech:xsd:pain.001.001.03 pain.001.001.03.xsd">
	<CstmrCdtTrfInitn>
		<GrpHdr>
			<MsgId>1000012812</MsgId>
			<CreDtTm>2019-04-16T09:41:57</CreDtTm>
			<NbOfTxs>2</NbOfTxs>
			<CtrlSum>547743.62</CtrlSum>
			<InitgPty>
				<Nm>AAK DENMARK A/S</Nm>
				<Id>
					<OrgId>
						<BICOrBEI>AAFCSEMM</BICOrBEI>
					</OrgId>
				</Id>
			</InitgPty>
		</GrpHdr>
		<PmtInf>
			<PmtInfId>1000012812</PmtInfId>
			<PmtMtd>TRF</PmtMtd>
			<NbOfTxs>2</NbOfTxs>
			<CtrlSum>547743.62</CtrlSum>
			<ReqdExctnDt>2019-03-20</ReqdExctnDt>
			<Dbtr>
				<Nm>AAK Denmark A/S M.P. Bruuns Gade 27</Nm>
				<PstlAdr>
					<StrtNm>Slipvej 4</StrtNm>
					<PstCd>8000</PstCd>
					<TwnNm>Aarhus</TwnNm>
					<CtrySubDvsn>002</CtrySubDvsn>
					<Ctry>DK</Ctry>
					<AdrLine>8000 Aarhus C</AdrLine>
					<AdrLine>Denmark</AdrLine>
				</PstlAdr>
				<Id>
					<OrgId>
						<BICOrBEI>AAKKDKKK</BICOrBEI>
					</OrgId>
				</Id>
				<CtryOfRes>DK</CtryOfRes>
			</Dbtr>
			<DbtrAcct>
				<Id>
					<IBAN>SE8150000000056968235579</IBAN>
				</Id>
				<Ccy>USD</Ccy>
			</DbtrAcct>
			<DbtrAgt>
				<FinInstnId>
					<BIC>ESSESESS</BIC>
					<PstlAdr>
						<Ctry>SE</Ctry>
					</PstlAdr>
				</FinInstnId>
			</DbtrAgt>
			<CdtTrfTxInf>
				<PmtId>
					<InstrId>01-0100F1100000012019</InstrId>
					<EndToEndId>F110000001</EndToEndId>
				</PmtId>
				<PmtTpInf>
					<InstrPrty>NORM</InstrPrty>
				</PmtTpInf>
				<Amt>
					<InstdAmt Ccy="USD">547243.62</InstdAmt>
				</Amt>
				<ChrgBr>SHAR</ChrgBr>
				<CdtrAgt>
					<FinInstnId>
						<BIC>WFBIUS6S</BIC>
					</FinInstnId>
				</CdtrAgt>
				<Cdtr>
					<Nm>Fairfield Chemical Carriers Inc.</Nm>
					<PstlAdr>
						<StrtNm>29-05</StrtNm>
						<PstCd>049909</PstCd>
						<TwnNm>Singapore</TwnNm>
						<Ctry>SG</Ctry>
					</PstlAdr>
				</Cdtr>
				<CdtrAcct>
					<Id>
						<Othr>
							<Id>2000026087681</Id>
							<SchmeNm>
								<Prtry>BGNR</Prtry>
							</SchmeNm>
						</Othr>
					</Id>
				</CdtrAcct>
				<RgltryRptg>
					<DbtCdtRptgInd>DEBT</DbtCdtRptgInd>
					<Dtls>
						<Cd>DEBT</Cd>
					</Dtls>
				</RgltryRptg>
				<RmtInf>
					<Ustrd>/INV/T1837</Ustrd>
				</RmtInf>
			</CdtTrfTxInf>
			<CdtTrfTxInf>
				<PmtId>
					<InstrId>01-0100F1100000022019</InstrId>
					<EndToEndId>F110000002</EndToEndId>
				</PmtId>
				<PmtTpInf>
					<InstrPrty>NORM</InstrPrty>
				</PmtTpInf>
				<Amt>
					<InstdAmt Ccy="USD">500.00</InstdAmt>
				</Amt>
				<ChrgBr>SHAR</ChrgBr>
				<CdtrAgt>
					<FinInstnId>
						<BIC>ABNANL2A</BIC>
					</FinInstnId>
				</CdtrAgt>
				<Cdtr>
					<Nm>L. HENDRIX</Nm>
					<PstlAdr>
						<StrtNm>Wilgenplein 22</StrtNm>
						<TwnNm>Alblasserdam</TwnNm>
						<Ctry>NL</Ctry>
					</PstlAdr>
				</Cdtr>
				<CdtrAcct>
					<Id>
						<IBAN>NL93ABNA0591353954</IBAN>
					</Id>
				</CdtrAcct>
				<RgltryRptg>
					<DbtCdtRptgInd>DEBT</DbtCdtRptgInd>
					<Dtls>
						<Cd>DEBT</Cd>
					</Dtls>
				</RgltryRptg>
				<RmtInf>
					<Ustrd>/INV/5240528</Ustrd>
				</RmtInf>
			</CdtTrfTxInf>
		</PmtInf>
	</CstmrCdtTrfInitn>
</Document>
